@article{pfenning1991logic,
  title={Logic programming in the LF logical framework},
  author={Pfenning, F. and others},
  journal={Logical frameworks},
  pages={149--181},
  year=1991
}

@article{barendregt1992lambda,
  title={Lambda calculus with types},
  author={Barendregt, H. and Dekkers, W. and Statman, R.},
  journal={Handbook of logic in computer science},
  volume={2},
  pages={118--310},
  year={1992},
  publisher={Oxford Science Publications}
}

@article{severi1998type,
  title={Type inference for pure type systems},
  author={Severi, P.},
  journal={Information and Computation},
  volume={143},
  number={1},
  pages={1--23},
  year={1998},
  publisher={Elsevier}
}

@article{hall1996type,
  title={Type classes in Haskell},
  author={Hall, C.V. and Hammond, K. and Peyton Jones, S.L. and Wadler, P.L.},
  journal={ACM Transactions on Programming Languages and Systems (TOPLAS)},
  volume={18},
  number={2},
  pages={109--138},
  year={1996},
  publisher={ACM}
}

@article{wenzel1997type,
  title={Type classes and overloading in higher-order logic},
  author={Wenzel, M.},
  journal={Theorem Proving in Higher Order Logics},
  pages={307--322},
  year={1997},
  publisher={Springer}
}

@article{benton1993term,
  title={A term calculus for intuitionistic linear logic},
  author={Benton, N. and Bierman, G. and De Paiva, V. and Hyland, M.},
  journal={Typed Lambda Calculi and Applications},
  pages={75--90},
  year={1993},
  publisher={Springer}
}


@inproceedings{pfenning2009substructural,
  title={Substructural operational semantics as ordered logic programming},
  author={Pfenning, Frank and Simmons, Robert J},
  booktitle={Logic In Computer Science, 2009. LICS'09. 24th Annual IEEE Symposium on},
  pages={101--110},
  year={2009},
  organization={IEEE}
}

@article{hinze2006finger,
  title={Finger trees: a simple general-purpose data structure},
  author={Hinze, Ralf and Paterson, Ross},
  journal={Journal of Functional Programming},
  volume={16},
  number={2},
  pages={197--218},
  year={2006},
  publisher={Cambridge Univ Press}
}

@article{dowek2000higher,
  title={Higher order unification via explicit substitutions},
  author={Dowek, G. and Hardin, T. and Kirchner, C.},
  journal={Information and Computation},
  volume={157},
  number={1},
  pages={183--235},
  year={2000},
  publisher={Elsevier}
}


@inproceedings{pfenning1988partial,
  title={Partial polymorphic type inference and higher-order unification},
  author={Pfenning, F.},
  booktitle={Proceedings of the 1988 ACM conference on LISP and functional programming},
  pages={153--163},
  year={1988},
  organization={ACM}
}

@article{pfenning1988higher,
  title={Higher-order abstract syntax},
  author={Pfenning, F. and Elliot, C.},
  journal={ACM SIGPLAN Notices},
  volume={23},
  number={7},
  pages={199--208},
  year={1988},
  publisher={ACM}
}

@inproceedings{elliott1989higher,
  title={Higher-order unification with dependent function types},
  author={Elliott, C.},
  booktitle={Rewriting Techniques and Applications},
  pages={121--136},
  year={1989},
  organization={Springer}
}

@article{anderson2004verifying,
  title={Verifying uniqueness in a logical framework},
  author={Anderson, Penny and Pfenning, Frank},
  journal={Theorem Proving in Higher Order Logics},
  pages={109--129},
  year={2004},
  publisher={Springer}
}

@inproceedings{altenkirch2010termination,
  title={Termination checking in the presence of nested inductive and coinductive types},
  author={Altenkirch, Thorsten and Danielsson, Nils Anders},
  booktitle={Note supporting presentation given at the Workshop on Partiality and Recursion in Interactive Theorem Provers, Edinburgh, UK},
  year={2010}
}

@article{harper1991type,
  title={Type checking with universes},
  author={Harper, Robert and Pollack, Robert},
  journal={Theoretical computer science},
  volume={89},
  number={1},
  pages={107--136},
  year={1991},
  publisher={Elsevier}
}

@incollection{pfenningHOU2003,
year={2003},
isbn={978-3-540-40559-7},
booktitle={Automated Deduction ‚Äì CADE-19},
volume={2741},
series={Lecture Notes in Computer Science},
editor={Baader, Franz},
doi={10.1007/978-3-540-45085-6_40},
title={Optimizing Higher-Order Pattern Unification},
url={http://dx.doi.org/10.1007/978-3-540-45085-6_40},
publisher={Springer Berlin Heidelberg},
author={Pientka, Brigitte and Pfenning, Frank},
pages={473-487}
}

@article{hurkens1995simplification,
  title={A simplification of Girard's paradox},
  author={Hurkens, Antonius},
  journal={Typed Lambda Calculi and Applications},
  pages={266--278},
  year={1995},
  publisher={Springer}
}

@inproceedings{brady2008lightweight,
  title={Lightweight invariants with full dependent types},
  author={Brady, Edwin and Herrmann, Christoph and Hammond, Kevin},
  booktitle={Draft Proceedings of Trends in Functional Programming},
  volume={2008},
  year={2008},
  organization={Citeseer}
}

@article{pfenning2001judgmental,
  title={A judgmental reconstruction of modal logic},
  author={Pfenning, Frank and Davies, Rowan},
  journal={Mathematical structures in computer science},
  volume={11},
  number={04},
  pages={511--540},
  year={2001},
  publisher={Cambridge Univ Press}
}

@article{loh2010tutorial,
  title={A tutorial implementation of a dependently typed lambda calculus},
  author={L{\"o}h, Andres and McBride, Conor and Swierstra, Wouter},
  journal={Fundamenta Informaticae},
  volume={102},
  number={2},
  pages={177--207},
  year={2010},
  publisher={IOS Press}
}

@article{bernardy2011realizability,
  title={Realizability and parametricity in pure type systems},
  author={Bernardy, Jean-Philippe and Lasson, Marc},
  journal={Foundations of Software Science and Computational Structures},
  pages={108--122},
  year={2011},
  publisher={Springer}
}

@article{mckinna1993pure,
  title={Pure type systems formalized},
  author={McKinna, James and Pollack, Robert},
  journal={Typed Lambda Calculi and Applications},
  pages={289--305},
  year={1993},
  publisher={Springer}
}

@article{barendregt1991introduction,
  title={Introduction to generalized type systems},
  author={Barendregt, Henk},
  journal={Journal of functional programming},
  volume={1},
  number={2},
  pages={125--154},
  year={1991}
}

@article{coquand1986calculus,
  title={The calculus of constructions},
  author={Coquand, Thierry and Huet, Gerard and others},
  year={1986}
}

@article{geuvers1991modular,
  title={Modular proof of strong normalization for the calculus of constructions},
  author={Geuvers, Herman and Nederhof, Mark-Jan},
  journal={Journal of Functional Programming},
  volume={1},
  number={2},
  pages={155--189},
  year={1991}
}

@article{roorda2001pure,
  title={Pure type systems for functional programming},
  author={Roorda, J-W and Jeuring, JT},
  year={2001}
}

@article{jutting1993typing,
  title={Typing in pure type systems},
  author={Jutting, LSV},
  journal={Information and Computation},
  volume={105},
  number={1},
  pages={30--41},
  year={1993},
  publisher={Elsevier}
}

@inproceedings{pfenning1991unification,
  title={Unification and anti-unification in the Calculus of Constructions},
  author={Pfenning, Frank},
  booktitle={Logic in Computer Science, 1991. LICS'91., Proceedings of Sixth Annual IEEE Symposium on},
  pages={74--85},
  year={1991},
  organization={IEEE}
}

@misc{chlipala2011certified,
  title={Certified programming with dependent types},
  author={Chlipala, Adam},
  year={2011},
  publisher={MIT Press}
}

@MISC{Geuvers94ashort,
    author = {Herman Geuvers},
    title = {A short and flexible proof of Strong Normalization for the Calculus of Constructions},
    year = {1994}
}


@article{hindley1969principal,
  title={The principal type-scheme of an object in combinatory logic},
  author={Hindley, Roger},
  journal={Transactions of the american mathematical society},
  volume={146},
  pages={29--60},
  year={1969},
  publisher={JSTOR}
}
@inproceedings{pollack1990implicit,
  title={Implicit syntax},
  author={Pollack, Robert},
  booktitle={Informal Proceedings of First Workshop on Logical Frameworks, Antibes},
  year={1990}
}

@article{hagiya1994implicit,
  title={On implicit arguments},
  author={Hagiya, Masami and Toda, Yozo},
  journal={Logic, Language and Computation},
  pages={10--30},
  year={1994},
  publisher={Springer}
}

@article{abel2010towards,
  title={Towards Normalization by Evaluation for the $\beta$$\eta$-Calculus of Constructions (Extended Version)},
  author={Abel, Andreas},
  journal={Functional and Logic Programming},
  pages={224--239},
  year={2010},
  publisher={Springer}
}

@inproceedings{coquand1990inductively,
  title={Inductively defined types},
  author={Coquand, Thierry and Paulin, Christine},
  booktitle={COLOG-88},
  pages={50--66},
  year={1990},
  organization={Springer}
}


@inproceedings{miller1986higher,
  title={Higher-order logic programming},
  author={Miller, Dale and Nadathur, Gopalan},
  booktitle={Third International Conference on Logic Programming},
  pages={448--462},
  year={1986},
  organization={Springer}
}

@article{miller1992unification,
  title={Unification under a mixed prefix},
  author={Miller, Dale},
  journal={Journal of symbolic computation},
  volume={14},
  number={4},
  pages={321--358},
  year={1992},
  publisher={Elsevier}
}

@article{pierce2000local,
  title={Local type inference},
  author={Pierce, Benjamin C and Turner, David N},
  journal={ACM Transactions on Programming Languages and Systems (TOPLAS)},
  volume={22},
  number={1},
  pages={1--44},
  year={2000},
  publisher={ACM}
}

@inproceedings{davies2000intersection,
  title={Intersection types and computational effects},
  author={Davies, Rowan and Pfenning, Frank},
  booktitle={ACM Sigplan Notices},
  volume={35},
  number={9},
  pages={198--208},
  year={2000},
  organization={ACM}
}

@inproceedings{chlipala2005strict,
  title={Strict bidirectional type checking},
  author={Chlipala, Adam and Petersen, Leaf and Harper, Robert},
  booktitle={Proceedings of the 2005 ACM SIGPLAN international workshop on Types in languages design and implementation},
  pages={71--78},
  year={2005},
  organization={ACM}
}

@book{dunfield2004tridirectional,
  title={Tridirectional typechecking},
  author={Dunfield, Joshua and Pfenning, Frank},
  volume={39},
  number={1},
  year={2004},
  publisher={ACM}
}

@inproceedings{meyer1986type,
  title={Type is not a type},
  author={Meyer, Albert R and Reinhold, Mark B},
  booktitle={Proceedings of the 13th ACM SIGACT-SIGPLAN symposium on Principles of programming languages},
  pages={287--295},
  year={1986},
  organization={ACM}
}

@article{escardointrinsic,
  title={The intrinsic topology of a Martin-L{\"o}f universe},
  author={Escard{\'o}, Mart{\i}n H}
}

@article{callaghan2001implementation,
  title={An implementation of LF with coercive subtyping \& universes},
  author={Callaghan, Paul and Luo, Zhaohui},
  journal={Journal of Automated Reasoning},
  volume={27},
  number={1},
  pages={3--27},
  year={2001},
  publisher={Springer}
}

@book{miller1986theory,
  title={A theory of modules for logic programming},
  author={Miller, Dale},
  year={1986},
  publisher={University of Pennsylvania, Department of Computer and Information Science}
}

@article{harper1998module,
  title={A module system for a programming language based on the LF logical framework},
  author={Harper, Robert and Pfenning, Frank},
  journal={Journal of Logic and Computation},
  volume={8},
  number={1},
  pages={5--31},
  year={1998},
  publisher={Oxford Univ Press}
}

@inproceedings{rabe2009practical,
  title={A practical module system for LF},
  author={Rabe, Florian and Sch{\"u}rmann, Carsten},
  booktitle={Proceedings of the Fourth International Workshop on Logical Frameworks and Meta-Languages: Theory and Practice},
  pages={40--48},
  year={2009},
  organization={ACM}
}


@article{coquand2003logical,
  title={A logical framework with dependently typed records},
  author={Coquand, Thierry and Pollack, Randy and Takeyama, Makoto},
  journal={Typed lambda calculi and applications},
  pages={1086--1086},
  year={2003},
  publisher={Springer}
}

@book{norell2007towards,
  title={Towards a practical programming language based on dependent type theory},
  author={Norell, Ulf},
  year={2007},
  publisher={Chalmers University of Technology}
}

@misc{vaux2004note,
  title={A note on an implicit calculus with annotated terms: introducing universal dependent types.},
  author={Vaux, Lionel},
  year={2004}
}

@article{luther2001more,
  title={More on implicit syntax},
  author={Luther, Marko},
  journal={Automated Reasoning},
  pages={386--400},
  year={2001},
  publisher={Springer}
}

@article{reed2008redundancy,
  title={Redundancy elimination for LF},
  author={Reed, Jason},
  journal={Electronic Notes in Theoretical Computer Science},
  volume={199},
  pages={89--106},
  year={2008},
  publisher={Elsevier}
}

@article{miquel2001implicit,
  title={The Implicit Calculus of Constructions Extending Pure Type Systems with an Intersection Type Binder and Subtyping},
  author={Miquel, Alexandre},
  journal={Typed Lambda Calculi and Applications},
  pages={344--359},
  year={2001},
  publisher={Springer}
}

@article{barras2008implicit,
  title={The implicit calculus of constructions as a programming language with dependent types},
  author={Barras, Bruno and Bernardo, Bruno},
  journal={Foundations of Software Science and Computational Structures},
  pages={365--379},
  year={2008},
  publisher={Springer}
}

@article{miller1991logic,
  title={A logic programming language with lambda-abstraction, function variables, and simple unification},
  author={Miller, Dale},
  journal={Journal of logic and computation},
  volume={1},
  number={4},
  pages={497--536},
  year={1991},
  publisher={Oxford Univ Press}
}

% mappings preserving consistency
@phdthesis{miquel2001calcul,
  title={Le Calcul des Constructions implicite: syntaxe et s{\'e}mantique},
  author={Miquel, Alexandre},
  year={2001},
  school={PhD thesis, Universit{\'e} Paris 7}
}

@incollection{mellies1998generic,
  title={A generic normalisation proof for pure type systems},
  author={Melli{\`e}s, Paul-Andr{\'e} and Werner, Benjamin},
  booktitle={Types for Proofs and Programs},
  pages={254--276},
  year={1998},
  publisher={Springer}
}

%% contains strong normalization for CC with \beta\eta
@book{geuvers1993logics,
  title={Logics and type systems},
  author={Geuvers, Jan Herman},
  year={1993},
  publisher={Citeseer}
}

%% adds dependent strong sum/pair
@inproceedings{luo1989ecc,
  title={ECC, an extended calculus of constructions},
  author={Luo, Zhaohui},
  booktitle={Logic in Computer Science, 1989. LICS'89, Proceedings., Fourth Annual Symposium on},
  pages={386--395},
  year={1989},
  organization={IEEE}
}

%% suggests strong normalization for ECC with \beta\eta
@incollection{barthe1995extensions,
  title={Extensions of pure type systems},
  author={Barthe, Gilles},
  booktitle={Typed Lambda Calculi and Applications},
  pages={16--31},
  year={1995},
  publisher={Springer}
}
 
%% beta/eta heredetary substitution
@article{keller2010normalization,
  title={Normalization by hereditary substitutions},
  author={Keller, Chantal and Altenkirch, Thorsten},
  journal={proceedings of Mathematical Structured Functional Programming},
  year={2010}
}

@techreport{hook1986impredicative,
  title={Impredicative strong existential equivalent to type: type},
  author={Hook, James G and Howe, Douglas J},
  year={1986},
  institution={Cornell University}
}

@article{bradyidris,
  title={Idris, a General Purpose Dependently Typed Programming Language: Design and Implementation},
  author={BRADY, EDWIN}
}

@article{huet1997functional,
  title={FUNCTIONAL PEARL},
  author={Huet, G{\'e}rard},
  journal={J. functional programming},
  volume={7},
  number={5},
  pages={549--554},
  year={1997},
  publisher={Cambridge Univ Press}
}

@Article{Huet75,
  author = "G\'{e}rard Huet",
  title = "A Unification Algorithm for Typed $\lambda$-Calculus",
  journal = "Theoretical Computer Science",
  volume = "1",
  year = "1975",
  pages = "27--57",
  keywords = "unification"
}

@inproceedings{miller1988overview,
  title={An overview of $\lambda$Prolog},
  author={Miller, Dale and Nadathur, Gopalan},
  booktitle={Proc. of the 5th Int. Conf. on Logic Programming},
  year={1988}
}


@incollection{pfenning1999system,
  title={System description: Twelf—a meta-logical framework for deductive systems},
  author={Pfenning, Frank and Sch{\"u}rmann, Carsten},
  booktitle={Automated Deduction—CADE-16},
  pages={202--206},
  year={1999},
  publisher={Springer}
}

@article{miller1991uniform,
  title={Uniform proofs as a foundation for logic programming},
  author={Miller, Dale and Nadathur, Gopalan and Pfenning, Frank and Scedrov, Andre},
  journal={Annals of Pure and Applied logic},
  volume={51},
  number={1},
  pages={125--157},
  year={1991},
  publisher={Elsevier}
}

@article{mirman,
  title={ Logic Programming and Type Inference with the Calculus of Constructions },
  author={Matthew Mirman},
  year={2013}
}

@InProceedings{Dowek93tlca,
  author= "Gilles Gowek",
  title = "The Undecidability of Typability in the Lambda-Pi-Calculus",
  booktitle= "Proceedings of the International Conference on Typed Lambda Calculi and Applications",
  editor = "M. Bezem and J.F. Groote",
  publisher = "Springer-Verlag LNCS 664",
  address = "Utrecht, The Netherlands",
  month = mar,
  year = "1993",
  pages = "139--145",
  keywords = "LF"
}


@article{crary2010higher,
  title={Higher-order representation of substructural logics},
  author={Crary, Karl},
  journal={ACM Sigplan Notices},
  volume={45},
  number={9},
  pages={131--142},
  year={2010},
  publisher={ACM}
}

@article{dreyer2003type,
  title={A type system for higher-order modules},
  author={Dreyer, Derek and Crary, Karl and Harper, Robert},
  journal={ACM SIGPLAN Notices},
  volume={38},
  number={1},
  pages={236--249},
  year={2003},
  publisher={ACM}
}

@article{harper1993framework,
  title={A framework for defining logics},
  author={Harper, Robert and Honsell, Furio and Plotkin, Gordon},
  journal={Symposium on logic in Computer Science},
  pages={194--204},
  month={June},
  year={1987},
  publisher={IEEE Computer Science Press}
}


